% This file was created with JabRef 2.10.
% Encoding: Cp1252

@Article{Rocodile2014,
  Title                    = {On hippos and elephant},
  Author                   = {Rocodile, Cornelius and Ear, Bernhard},
  Journal                  = {Nature},
  Year                     = {2014},
  Number                   = {6},
  Pages                    = {66},
  Volume                   = {66},

  Publisher                = {Nature Publishing Group}
}

